@article{faisal2021multiple,
  title={Multiple imputation using nearest neighbor methods},
  author={Faisal, Shahla and Tutz, Gerhard},
  journal={Information Sciences},
  volume={570},
  pages={500--516},
  year={2021},
  publisher={Elsevier}
}

@misc{Bobbitt2020,
  author = {Zach Bobbitt},
  title = {Chi-Square Test of Independence: Definition, Formula, and Example},
  year = {2020},
  howpublished = {Statology}
%url = {https://www.statology.org/chi-square-test-of-independence/}
}

@misc{Bevans2023,
  author = {Rebecca Bevans},
  title = {Choosing the Right Statistical Test | Types \& Examples},
  year = {2023},
  howpublished = {Scribbr}  url = {https://www.scribbr.com/statistics/statistical-tests/},

}
